%% This BibTeX bibliography file was created using BibDesk.
%% http://bibdesk.sourceforge.net/


%% Created for Seth Johnson at 2010-01-15 15:01:56 -0500 


%% Saved with string encoding Unicode (UTF-8) 

@article{fick2018,
    title={A stabilized POD model for turbulent flows over a range of Reynolds numbers: Optimal parameter sampling and constrained projection},
    author={Fick, Lambert and Maday, Yvon and Patera, Anthony T and Taddei, Tommaso},
    journal={J. Comp. Phys.},
    volume={371},
    pages = {214--243},
    year={2018}}

@article{bt1989,
	Author = {Barkley, Dwight and Tuckerman, Laurette S.},
	Journal = {Physica D: Nonlinear Phenomena},
	Number = {1--3},
	Pages = {288--294},
	Title = {Traveling Waves in Axisymmetric Convection: The Role of Sidewall Conductivity},
	Volume = {37},
	Year = {1989}}

@article{siro1987,
	Author = {Sirovich, Lawrence},
	Journal = {Quarterly of Applied Mathematics},
	Number = {3},
	Pages = {561--571},
	Title = {Turbulence and the Dynamics of Coherent Structures Part I: Coherent Structures},
	Volume = {37},
	Year = {1987}}

@article{tsai19a,
Author = {Tsai, Ping-Hsuan and Kaneko, Kento and Fischer, Paul},
Journal = {submitted},
Title = {Reduced Order Model with Constrained Optimization for 
                 {N}avier-{S}tokes Equations},
Year = {2019}}

@article{fischer2008nek5000,
  title={Nek5000: Open source spectral element CFD solver},
  author={Fischer, P and Kruse, J and Mullen, J and Tufo, H and Lottes, J and Kerkemeier, S},
  journal={Argonne National Laboratory, Mathematics and Computer Science Division, Argonne, IL, see https://nek5000.mcs.anl.gov},
  year={2008}
}
@article{sirovich1991computational,
  title={A computational study of Rayleigh--B{\'e}nard convection. Part 2. Dimension considerations},
  author={Sirovich, Lawrence and Deane, Anil E},
  journal={Journal of fluid mechanics},
  volume={222},
  pages={251--265},
  year={1991},
  publisher={Cambridge University Press}
}
@article{wells2017evolve,
  title={An evolve-then-filter regularized reduced order model for convection-dominated flows},
  author={Wells, David and Wang, Zhu and Xie, Xuping and Iliescu, Traian},
  journal={International Journal for Numerical Methods in Fluids},
  volume={84},
  number={10},
  pages={598--615},
  year={2017},
  publisher={Wiley Online Library}
}
@article{guermond2011entropy,
  title={Entropy viscosity method for nonlinear conservation laws},
  author={Guermond, Jean-Luc and Pasquetti, Richard and Popov, Bojan},
  journal={Journal of Computational Physics},
  volume={230},
  number={11},
  pages={4248--4267},
  year={2011},
  publisher={Elsevier}
}
@article{guermond2004mathematical,
  title={Mathematical perspectives on large eddy simulation models for turbulent flows},
  author={Guermond, J-L and Oden, J Tinsley and Prudhomme, Serge},
  journal={Journal of Mathematical Fluid Mechanics},
  volume={6},
  number={2},
  pages={194--248},
  year={2004},
  publisher={Springer}
}
@article{khodkar2019reduced,
  title={Reduced-order modeling of fully turbulent buoyancy-driven flows using the Green's function method},
  author={Khodkar, MA and Hassanzadeh, Pedram and Nabi, Saleh and Grover, Piyush},
  journal={Physical Review Fluids},
  volume={4},
  number={1},
  pages={013801},
  year={2019},
  publisher={APS}
}
@article{nocedal1980updating,
  title={Updating quasi-Newton matrices with limited storage},
  author={Nocedal, Jorge},
  journal={Mathematics of computation},
  volume={35},
  number={151},
  pages={773--782},
  year={1980}
}
@article{puragliesi2012proper,
  title={Proper orthogonal decomposition of a fully confined cubical differentially heated cavity flow at Rayleigh number Ra= 109},
  author={Puragliesi, R and Leriche, Emmanuel},
  journal={Computers \& Fluids},
  volume={61},
  pages={14--20},
  year={2012},
  publisher={Elsevier}
}
@article{lui2019romml,
  title={Construction of reduced-order models for fluid flows using deep feedforward neural networks},
  author={Lui, H. F. S. and Wolf, W. R.},
  journal={JFM},
  volume={872},
  pages={963--994},
  year={2019},
  publisher={Cambridge}
}
@article{deim2010,
  title={Nonlinear model reduction via discrete empirical interpolation},
  author={Chaturantabut, S. and Sorensen, D. C.},
  journal={J. Sci. Comput.},
  volume={32},
  number={5},
  pages={2737-2764},
  year={2010},
  publisher={SIAM}
}
@article{brenner2019mlfluid,
  title={Perspective on machine learning for advancing fluid mechanics},
  author={Brenner, M. P. and Eldredge, J. D. and Freund, J. B.},
  journal={Phys. Rev. Fluids},
  volume={4},
  number={10},
  pages={100501},
  year={2019},
  publisher={APS}
}
@article{merzari2009pod,
  title={Proper orthogonal decomposition of the flow in geometries
containing a narrow gap},
  author={Merzari, E. and Ninokata, H. and Mahmood, A. and Rohde, M.},
  journal={Theoretical an Computational Fluid Dynamics},
  volume={23},
  number={5},
  pages={333-351},
  year={2009},
  publisher={Springer-Verlag}
}
@article{merzari2017lsles,
  title={Large-scale large eddy simulation of nuclear reactor flows:
  Issues and perspectives},
  author={Merzari, E. and Obabko, A. and Fischer, P. and Halford, N. and
  Walker, J. and Siegel, A. and Yu, Y.},
  journal={Nuclear Engineering and Design},
  volume={312},
  pages={86-98},
  year={2017},
  publisher={Elsevier}
}
@inproceedings{merzari2011pod,
  title={A POD-based solver for the advection-diffusion equation},
  author={Merzari, Elia and Pointer, W David and Fischer, Paul},
  booktitle={ASME-JSME-KSME 2011 Joint Fluids Engineering Conference},
  pages={1139--1147},
  organization={American Society of Mechanical Engineers Digital Collection}
}

@article{iollo2000stability,
  title={Stability properties of POD--Galerkin approximations for the compressible Navier--Stokes equations},
  author={Iollo, Angelo and Lanteri, St{\'e}phane and D{\'e}sid{\'e}ri, J-A},
  journal={Theoretical and Computational Fluid Dynamics},
  volume={13},
  number={6},
  pages={377--396},
  year={2000},
  publisher={Springer}
}

@article{tomboulides1989efficient,
  title={Efficient removal of boundary-divergence errors in time-splitting methods},
  author={Tomboulides, AG and Israeli, M and Karniadakis, GE},
  journal={Journal of scientific computing},
  volume={4},
  number={3},
  pages={291--308},
  year={1989},
  publisher={Springer}
}

@article{orszag1986boundary,
  title={Boundary conditions for incompressible flows},
  author={Orszag, Steven A and Israeli, Moshe and Deville, Michel O},
  journal={Journal of Scientific Computing},
  volume={1},
  number={1},
  pages={75--111},
  year={1986},
  publisher={Springer}
}

@inbook{fischer17,
  author = "Fischer, P. and M. Schmitt and A. Tomboulides",
  title = "Recent developments in spectral element simulations of
           moving-domain problems",
  booktitle = "Recent Progress and Modern Challenges in Applied Mathematics, 
               Modeling and Computational Science",
  editor = "R. Melnik",
  publisher = "Fields Institute Communications, Springer",
  volume = "79",
  pages = "213--244",
  year = "2017"
}

@book{hesthaven2016certified,
  title={Certified reduced basis methods for parametrized partial differential equations},
  author={Hesthaven, Jan S and Rozza, Gianluigi and Stamm, Benjamin and others},
  volume={590},
  year={2016},
  publisher={Springer}
}

@article{kaneko2020towards,
  title={Towards model order reduction for fluid-thermal analysis},
  author={Kaneko, Kento and Tsai, Ping-Hsuan and Fischer, Paul},
  journal={Nuclear Engineering and Design},
  volume={370},
  pages={110866},
  year={2020},
  publisher={Elsevier}
}

@article{fick2018stabilized,
  title={A stabilized POD model for turbulent flows over a range of Reynolds numbers: Optimal parameter sampling and constrained projection},
  author={Fick, Lambert and Maday, Yvon and Patera, Anthony T and Taddei, Tommaso},
  journal={Journal of Computational Physics},
  volume={371},
  pages={214--243},
  year={2018},
  publisher={Elsevier}
}

@article{guermond03,
   author = "Guermond, J.-L. and S. Prudhomme and J. T. Oden", 
   title = "An interpretation of the {Navier-Stokes}-alpha model as a 
            frame-indifferent Leray regularization", 
   journal = "Physica D",
   volume = 177,
   pages = "23--30",
   year = 2003}
