@article{lorenzi2016pod,
  title={POD-Galerkin method for finite volume approximation of Navier--Stokes and RANS equations},
  author={Lorenzi, Stefano and Cammi, Antonio and Luzzi, Lelio and Rozza, Gianluigi},
  journal={Computer Methods in Applied Mechanics and Engineering},
  volume={311},
  pages={151--179},
  year={2016},
  publisher={Elsevier}
}
@article{georgaka2020hybrid,
  title={A hybrid reduced order method for modelling turbulent heat transfer problems},
  author={Georgaka, Sokratia and Stabile, Giovanni and Star, Kelbij and Rozza, Gianluigi and Bluck, Michael J},
  journal={Computers \& Fluids},
  volume={208},
  pages={104615},
  year={2020},
  publisher={Elsevier}
}
@article{lazzaro2002radial,
  title={Radial basis functions for the multivariate interpolation of large scattered data sets},
  author={Lazzaro, Damiana and Montefusco, Laura B},
  journal={Journal of Computational and Applied Mathematics},
  volume={140},
  number={1-2},
  pages={521--536},
  year={2002},
  publisher={Elsevier}
}
@article{hijazi2020data,
  title={Data-driven POD-Galerkin reduced order model for turbulent flows},
  author={Hijazi, Saddam and Stabile, Giovanni and Mola, Andrea and Rozza, Gianluigi},
  journal={Journal of Computational Physics},
  volume={416},
  pages={109513},
  year={2020},
  publisher={Elsevier}
}
@article{hsieh2004numerical,
  title={Numerical modeling of buoyancy-driven turbulent flows in enclosures},
  author={Hsieh, KJ and Lien, FS},
  journal={International Journal of Heat and Fluid Flow},
  volume={25},
  number={4},
  pages={659--670},
  year={2004},
  publisher={Elsevier}
}
% References related to BDFk/EXTk
@incollection{fischer2017recent,
  title={Recent developments in spectral element simulations of moving-domain problems},
  author={Fischer, Paul and Schmitt, Martin and Tomboulides, Ananias},
  booktitle={Recent Progress and Modern Challenges in Applied Mathematics, Modeling and Computational Science},
  pages={213--244},
  year={2017},
  publisher={Springer}
}
% References related to PN-PN-2
@article{ronquist1987legendre,
  title={A Legendre spectral element method for the Stefan problem},
  author={R{\o}nquist, Einar M and Patera, Anthony T},
  journal={International journal for numerical methods in engineering},
  volume={24},
  number={12},
  pages={2273--2299},
  year={1987},
  publisher={Wiley Online Library}
}
@article{maday1992pn,
  title={The PN$\times$ PN- 2 method for the approximation of the Stokes problem},
  author={Maday, Yvon and Patera, Anthony T and R{\o}nquist, Einar M},
  journal={Laboratoire dâ€™Analyse Num{\'e}rique, Paris VI},
  volume={11},
  number={4},
  year={1992}
}
@techreport{maday1987well,
  title={A well-posed optimal spectral element approximation for the Stokes problem},
  author={Maday, Yvon and Patera, Anthony T and Ronquist, Einar M},
  year={1987}
}
