@article{puragliesi2012proper,
  title={Proper orthogonal decomposition of a fully confined cubical differentially heated cavity flow at Rayleigh number Ra= 109},
  author={Puragliesi, R and Leriche, Emmanuel},
  journal={Computers \& Fluids},
  volume={61},
  pages={14--20},
  year={2012},
  publisher={Elsevier}
}
@article{gunes1997low,
  title={Low-dimensional description of oscillatory thermal convection: the small Prandtl number limit},
  author={Gunes, H and Liakopoulos, A and Sahan, RA},
  journal={Theoretical and computational fluid dynamics},
  volume={9},
  number={1},
  pages={1--16},
  year={1997},
  publisher={Springer}
}
@article{guermond03,
   author = "Guermond, J.-L. and S. Prudhomme and J. T. Oden", 
   title = "An interpretation of the {Navier-Stokes}-alpha model as a 
            frame-indifferent Leray regularization", 
   journal = "Physica D",
   volume = 177,
   pages = "23--30",
   year = 2003}
@phdthesis{mullen99,
   author = "Mullen, J.S.",
   school = "Brown University",
   title = "Development of a Parallel Spectral Element Based 
            Large Eddy Simulation Model for the Flow of Incompressible 
            Fluids in Complex Geometries",
   note = "Division of Engineering",
   year = "1999"}
@article{wells2017evolve,
  title={An evolve-then-filter regularized reduced order model for convection-dominated flows},
  author={Wells, David and Wang, Zhu and Xie, Xuping and Iliescu, Traian},
  journal={International Journal for Numerical Methods in Fluids},
  volume={84},
  number={10},
  pages={598--615},
  year={2017},
  publisher={Wiley Online Library}
}
@article{eftang2010hp,
  title={An" hp" certified reduced basis method for parametrized elliptic partial differential equations},
  author={Eftang, Jens L and Patera, Anthony T and R{\o}nquist, Einar M},
  journal={SIAM Journal on Scientific Computing},
  volume={32},
  number={6},
  pages={3170--3200},
  year={2010},
  publisher={SIAM}
}
@article {Max_arXiv,
	title = {A Localized Reduced-Order Modeling Approach for PDEs with Bifurcating Solutions},
	journal = {ArXiv e-prints},
	year = {2018},
	keywords = {Mathematics - Numerical Analysis},
	author = {Martin W. Hess and A. Alla and Annalisa Quaini and Gianluigi Rozza and M. Gunzburger}
}

@incollection{cuong2005certified,
  title={Certified real-time solution of parametrized partial differential equations},
  author={Cuong, Nguyen Ngoc and Veroy, Karen and Patera, Anthony T},
  booktitle={Handbook of materials modeling},
  pages={1529--1564},
  year={2005},
  publisher={Springer}
}

@article{veroy2005certified,
  title={Certified real-time solution of the parametrized steady incompressible Navier--Stokes equations: rigorous reduced-basis a posteriori error bounds},
  author={Veroy, K and Patera, AT},
  journal={International Journal for Numerical Methods in Fluids},
  volume={47},
  number={8-9},
  pages={773--788},
  year={2005},
  publisher={Wiley Online Library}
}

@article{soucasse2020reduced,
  title={Reduced-order modelling of radiative transfer effects on Rayleigh--B{\'e}nard convection in a cubic cell},
  author={Soucasse, Laurent and Podvin, B{\'e}reng{\`e}re and Rivi{\`e}re, Philippe and Soufiani, Anouar},
  journal={Journal of Fluid Mechanics},
  volume={898},
  year={2020}
}

@article{wang2020pod,
  title={A POD-Galerkin reduced-order model for two-dimensional Rayleigh-B{\'e}nard convection with viscoelastic fluid},
  author={Wang, Yue and Ma, Hanghang and Cai, Weihua and Zhang, Hongna and Cheng, Jianping and Zheng, Xin},
  journal={International Communications in Heat and Mass Transfer},
  volume={117},
  pages={104747},
  year={2020},
  publisher={Elsevier}
}

@article{bailon2011low,
  title={Low-dimensional model of turbulent Rayleigh-B{\'e}nard convection in a Cartesian cell with square domain},
  author={Bailon-Cuba, Jorge and Schumacher, J{\"o}rg},
  journal={Physics of Fluids},
  volume={23},
  number={7},
  pages={077101},
  year={2011},
  publisher={American Institute of Physics}
}

@article{cai2019development,
  title={Development of POD reduced-order model and its closure scheme for 2D Rayleigh--B{\'e}nard convection},
  author={Cai, Weihua and Ma, Hanghang and Wang, Yue and Chen, Jianping and Zheng, Xin and Zhang, Hongna},
  journal={Applied Mathematical Modelling},
  volume={66},
  pages={562--575},
  year={2019},
  publisher={Elsevier}
}

@article{lottesnek5000,
  title={nek5000 Web page (2008)},
  author={Lottes, JW and Fischer, PF and Kerkemeier, SG},
  journal={Avialble from: http://nek5000. mcs. anl. gov}
}

@article{fick2018stabilized,
  title={A stabilized POD model for turbulent flows over a range of Reynolds numbers: Optimal parameter sampling and constrained projection},
  author={Fick, Lambert and Maday, Yvon and Patera, Anthony T and Taddei, Tommaso},
  journal={Journal of Computational Physics},
  volume={371},
  pages={214--243},
  year={2018},
  publisher={Elsevier}
}
@article{maday1989spectral,
  title={Spectral element methods for the incompressible Navier-Stokes equations},
  author={Maday, Yvon and Patera, Anthony T},
  journal={sasc},
  pages={71--143},
  year={1989}
}
