@article{fischer2008nek5000,
  title={Nek5000: Open source spectral element CFD solver},
  author={Fischer, P and Kruse, J and Mullen, J and Tufo, H and Lottes, J and Kerkemeier, S},
  journal={Argonne National Laboratory, Mathematics and Computer Science Division, Argonne, IL, see https://nek5000.mcs.anl.gov},
  year={2008}
}
@article{kaneko2022augmented,
  title={Augmented reduced order models for turbulence},
  author={Kaneko, Kento and Fischer, Paul},
  journal={Frontiers in Physics},
  pages={808},
  year={2022},
  publisher={Frontiers}
}
@article{tsai2022parametric,
  title={Parametric model-order-reduction development for unsteady convection},
  author={Tsai, Ping-Hsuan and Fischer, Paul},
  journal={Frontiers in Physics},
  pages={711},
  year={2022},
  publisher={Frontiers}
}
@article{kaneko2020towards,
  title={Towards model order reduction for fluid-thermal analysis},
  author={Kaneko, Kento and Tsai, Ping-Hsuan and Fischer, Paul},
  journal={Nuclear Engineering and Design},
  volume={370},
  pages={110866},
  year={2020},
  publisher={Elsevier}
}

@inproceedings{ding2021flow,
  title={Flow past a linearly-sprung, freely-rotatable circular cylinder with an eccentric center of mass},
  author={Ding, Ke and Pearlstein, Arne},
  booktitle={APS Division of Fluid Dynamics Meeting Abstracts},
  pages={P08--001},
  year={2021}
}
@article{kov48,
   author = "Kovasznay, L.I.G.",
   title = "Laminar flow behind a two-dimensional grid",
   journal = "Proc. Cambridge Philos. Soc.",
   volume = "44",
   pages = "58--62",
   year = "1948"}
@Book{vandyke82,
  author =       {M. Van Dyke},
  title =        {Album of Fluid Motion},
  publisher =    {Parabolic Press},
  year =         {1982}
}
@inproceedings{grigull66,
author = {U. Grigull and W. Hauf},
booktitle = {Proc. of the 3rd Int. Heat Transfer Conf. 2},
pages={182--195},
year =   {1966}}

